@article{Arbuthnot1710,
author= {John Arbuthnot},
year = {1710},
title = {An argument for {D}ivine {P}rovidence, taken from the constant regularity observed in the 
births of both sexes},
journal = {Philosophical Transactions of the Royal Society of London},
volume={27},
pages={186--190}
}

@article{Nussbaum2018,
author = {Barry D. Nussbaum},
title = {Statistics: Essential Now More Than Ever},
journal = {Journal of the American Statistical Association},
volume = {113},
number = {522},
pages = {489-493},
year  = {2018},
publisher = {Taylor & Francis},
doi = {10.1080/01621459.2018.1463486},
URL = { 
        https://doi.org/10.1080/01621459.2018.1463486
},
eprint = { 
        https://doi.org/10.1080/01621459.2018.1463486    
}
}

@article{LaVange2019,
author = {Lisa M. LaVange},
title = {Statistics at the {FDA}: Reflections on the Past Six Years},
journal = {Statistics in Biopharmaceutical Research},
volume = {11},
number = {1},
pages = {1-12},
year  = {2019},
publisher = {Taylor & Francis},
doi = {10.1080/19466315.2019.1571322},
URL = { 
        https://doi.org/10.1080/19466315.2019.1571322
},
eprint = { 
        https://doi.org/10.1080/19466315.2019.1571322
}
}

@article{Wasserstein2016,
author = {Ronald L. Wasserstein and Nicole A. Lazar},
title = {The {ASA}\textsc{\char13}s Statement on $p$-Values: Context, Process, and Purpose},
journal = {The American Statistician},
volume = {70},
number = {2},
pages = {129-133},
year  = {2016},
publisher = {Taylor & Francis},
doi = {10.1080/00031305.2016.1154108},
URL = { 
        https://doi.org/10.1080/00031305.2016.1154108
},
eprint = { 
        https://doi.org/10.1080/00031305.2016.1154108
}
}

@BOOK{Brunner,
  author    = {Richard A.~Kulka and William E.~Schlenger and John A.~Fairbank and 
  Richard L.~Hough and B.~Kathleen Jordan and Charles R.~Marmar and Daniel S.~Weiss},
  title     = {Trauma and the {V}ietnam war generation: Report of findings from the {N}ational 
  {V}ietnam {V}eterans {R}eadjustment {S}tudy},
  year      = {1990},
  publisher = {Brunner/Mazel Psychological Stess Series},
  address   = {Brussels, Belgium},
}



@article{aerts2016potential,
	title={The potential of radiomic-based phenotyping in precision medicine: a review},
	author={Aerts, Hugo JWL},
	journal={JAMA oncology},
	volume={2},
	number={12},
	pages={1636--1642},
	year={2016},
	publisher={American Medical Association}
}

@article{deschler2008tnm,
	title={TNM staging of head and neck cancer and neck dissection classification},
	author={Deschler, Daniel G and Day, Terry},
	journal={American Academy of Otolaryngology--Head and Neck Surgery Foundation},
	pages={10--23},
	year={2008}
}

@article{savadjiev2019image,
	title={Image-based biomarkers for solid tumor quantification},
	author={Savadjiev, Peter and Chong, Jaron and Dohan, Anthony and Agnus, Vincent and Forghani, Reza and Reinhold, Caroline and Gallix, Benoit},
	journal={European radiology},
	volume={29},
	number={10},
	pages={5431--5440},
	year={2019},
	publisher={Springer}
}

@article{sala2017unravelling,
	title={Unravelling tumour heterogeneity using next-generation imaging: radiomics, radiogenomics, and habitat imaging},
	author={Sala, E and Mema, E and Himoto, Y and Veeraraghavan, H and Brenton, JD and Snyder, A and Weigelt, B and Vargas, HA},
	journal={Clinical radiology},
	volume={72},
	number={1},
	pages={3--10},
	year={2017},
	publisher={Elsevier}
}

@article{PiiVeh2017,
	title={Sparsity information and regularization
	in the horseshoe and other
	shrinkage priors},
	author={Piironen, J and  Vehtari, A},
	journal={Electronic Journal of Statistics},
	volume={11},
	number={},
	pages={5018--5051},
	year={2017},
	publisher={Elsevier}
}